<?xml version="1.0" encoding="UTF-8" ?>
<record Numero="13925786" format="InterXMarc_Complet" type="Authority">
<leader>00420c1 au22000272  45  <Pos Code="0004">00420</Pos>
<Pos Code="05" Sens="notice modifiée">c</Pos>
<Pos Code="06" Sens="notice validée en catalogage courant">1</Pos>
<Pos Code="08" Sens="notice d&apos;autorité">a</Pos>
<Pos Code="09" Sens="titre uniforme musical (TUM)">u</Pos>
<Pos Code="10">2</Pos>
<Pos Code="11">2</Pos>
<Pos Code="1216">00027</Pos>
<Pos Code="17" Sens="autres cas">2</Pos>
<Pos Code="20">4</Pos>
<Pos Code="21">5</Pos>
</leader>
<controlfield tag="001">FRBNF139257864<Pos Code="0001">FR</Pos>
<Pos Code="0204">BNF</Pos>
<Pos Code="0512">13925786</Pos>
<Pos Code="13">4</Pos>
</controlfield>
<controlfield tag="008">900418140128yyita md        1619                             1   <Pos Code="0001">90</Pos>
<Pos Code="0203">04</Pos>
<Pos Code="0405">18</Pos>
<Pos Code="0607">14</Pos>
<Pos Code="0809">01</Pos>
<Pos Code="1011">28</Pos>
<Pos Code="1213" Sens="ne s&apos;applique pas">yy</Pos>
<Pos Code="1416" Sens="italien">ita</Pos>
<Pos Code="1820" Sens="madrigal">md </Pos>
<Pos Code="2831">1619</Pos>
<Pos Code="61" Sens="La vedette peut être liée à une notice bibliographique sauf pour l&apos;accès matière RAMEAU">1</Pos>
</controlfield>
<datafield tag="048" ind1=" " ind2=" ">
	<subfield code="a">vz04<Pos Code="0001" Sens="voix - non spécifié">vz</Pos>
<Pos Code="02">0</Pos>
<Pos Code="03">4</Pos>
</subfield>
</datafield>
<datafield tag="100" ind1=" " ind2=" ">
	<subfield code="3">13897646</subfield>
	<subfield code="w"> 0  b     </subfield>
	<subfield code="a">Monteverdi</subfield>
	<subfield code="m">Claudio</subfield>
	<subfield code="d">1567-1643</subfield>
</datafield>
<datafield tag="144" ind1="1" ind2=" ">
	<subfield code="w">....b.....</subfield>
	<subfield code="a">Tu dormi ? Ah crudo core</subfield>
	<subfield code="k">SV 137</subfield>
</datafield>
<datafield tag="502" ind1=" " ind2=" ">
	<subfield code="3">13916479</subfield>
	<subfield code="a">Monteverdi</subfield>
	<subfield code="m">Claudio</subfield>
	<subfield code="d">1567-1643</subfield>
	<subfield code="t">[Madrigaux. Livre 7. SV 117-145]</subfield>
</datafield>
<datafield tag="600" ind1=" " ind2=" ">
	<subfield code="a">Madrigal à 4 voix extrait du livre 7</subfield>
</datafield>
<datafield tag="600" ind1=" " ind2=" ">
	<subfield code="a">Éd. : 1619</subfield>
</datafield>
<datafield tag="610" ind1=" " ind2=" ">
	<subfield code="a">Grove 6</subfield>
</datafield>
<datafield tag="917" ind1=" " ind2=" ">
	<subfield code="o">OPC</subfield>
	<subfield code="a">100561790</subfield>
</datafield>
<Alter Ori="13897646">
<datafield tag="400" ind1=" " ind2=" ">
	<subfield code="w">    b     </subfield>
	<subfield code="a">Monteverde</subfield>
	<subfield code="m">Claudio</subfield>
	<subfield code="d">1567-1643</subfield>
</datafield>
</Alter>
<Attr Nom="IDPerenne">ark:/12148/cb139257867</Attr>
<Attr Nom="NumSource">OPC 100561790</Attr>
<Attr Nom="Source" Sens="BnF catalogue général (depuis 1999)">A</Attr>
<Attr Nom="NumAutoriteLiee">1389764613916479</Attr>
<Attr Nom="DateCreation">18/04/ 1990</Attr>
<Attr Nom="ResponsableCreation">MIGV2</Attr>
<Attr Nom="StructCreation">1</Attr>
<Attr Nom="DateDerniereValidation">28/01/ 2014</Attr>
<Attr Nom="ResponsableDerniereValidation">SERRES CATHERINE</Attr>
<Attr Nom="StructPremiereValidation">1</Attr>
<Attr Nom="DatePremiereValidation">18/04/ 1990</Attr>
<Attr Nom="ResponsablePremiereValidation">MIGV2</Attr>
<Attr Nom="StructDerniereValidation">82</Attr>
<Attr Nom="NumSource">OPP 14038069</Attr>
</record>
